@article{hafner2018prospects,
  title={Prospects for renewable energy in Africa},
  author={Hafner, Manfred and Tagliapietra, Simone and de Strasser, Lucia and Hafner, Manfred and Tagliapietra, Simone and de Strasser, Lucia},
  journal={Energy in Africa: challenges and opportunities},
  pages={47--75},
  year={2018},
  publisher={Springer}
}


@article{irena2022renewable,
  title={Renewable Energy market analysis: Africa and its regions},
  author={IRENA, AfDB},
  journal={International Renewable Energy Agency and African Development Bank, Abu Dhabi and Abidjan},
  year={2022}
}


@mastersthesis{moro2018ensuring,
  title={Ensuring Sustainable Electricity for All in West Africa through Innovative Decentralised Renewable Energy Solutions: An Analysis of Ivorian Context},
  author={Moro, Bosson and Apollinaire, Aime},
  year={2018},
  school={PAUWES}
}


@article{rasagam2018delivering,
  title={Delivering on the Promise of Distributed Renewable Energy Entrepreneurship in Sub-Saharan Africa},
  author={Rasagam, Ganesh and Zhu, Danqing},
  journal={Current Sustainable/Renewable Energy Reports},
  volume={5},
  pages={230--239},
  year={2018},
  publisher={Springer}
}


@article{rabetanetiarimanana2018pv,
  title={PV-hybrid off-grid and mini-grid systems for rural electrification in sub-Saharan Africa},
  author={Rabetanetiarimanana, Jordy Charly Isidore and Radanielina, Mamy Harimisa and Rakotondramiarana, Hery Tiana and others},
  journal={Smart Grid and Renewable Energy},
  volume={9},
  number={10},
  pages={171},
  year={2018},
  publisher={Scientific Research Publishing}
}


@inproceedings{okunlola2018assessment,
  title={Assessment of decentralized hybrid mini-grids in Sub-Saharan Africa: Market analysis, Least-cost modelling, and Job creation analysis},
  author={Okunlola, Ayodeji and Evbuomwan, O and Zaheer, H and Winklmaier, J},
  booktitle={Africa-EU Renewable Energy Research and Innovation Symposium 2018 (RERIS 2018)},
  pages={21--34},
  year={2018},
  organization={Springer}
}


@article{moner2018electrification,
  title={Electrification of Sub-Saharan Africa through PV/hybrid mini-grids: Reducing the gap between current business models and on-site experience},
  author={Moner-Girona, M and Solano-Peralta, M and Lazopoulou, M and Ackom, EK and Vallve, X and Szab{\'o}, S},
  journal={Renewable and Sustainable Energy Reviews},
  volume={91},
  pages={1148--1161},
  year={2018},
  publisher={Elsevier}
}
@article{hussein2012analysis,
  title={Analysis of energy as a precondition for improvement of living conditions and poverty reduction in sub-Saharan Africa},
  author={Hussein, Muawya Ahmed and Leal Filho, Walter and others},
  journal={Scientific Research and Essays},
  volume={7},
  number={30},
  pages={2656--2666},
  year={2012},
  publisher={Academic Journals}
}

@article{hanjra2009reducing,
  title={Reducing poverty in sub-Saharan Africa through investments in water and other priorities},
  author={Hanjra, Munir A and Ferede, Tadele and Gutta, Debel Gemechu},
  journal={Agricultural Water Management},
  volume={96},
  number={7},
  pages={1062--1070},
  year={2009},
  publisher={Elsevier}
}
@article{dawoud2018hybrid,
  title={Hybrid renewable microgrid optimization techniques: A review},
  author={Dawoud, Samir M and Lin, Xiangning and Okba, Merfat I},
  journal={Renewable and Sustainable Energy Reviews},
  volume={82},
  pages={2039--2052},
  year={2018},
  publisher={Elsevier}
}


@article{zebra2021review,
  title={A review of hybrid renewable energy systems in mini-grids for off-grid electrification in developing countries},
  author={Zebra, Em{\'\i}lia In{\^e}s Come and van der Windt, Henny J and Nhumaio, Geraldo and Faaij, Andr{\'e} PC},
  journal={Renewable and Sustainable Energy Reviews},
  volume={144},
  pages={111036},
  year={2021},
  publisher={Elsevier}
}


@article{outlook2019scaling,
  title={Scaling-up the transition to electric mobility},
  author={Outlook, IEA Global EV and others},
  journal={IEA: Paris, France},
  year={2019}
}


@article{valickova2021costs,
  title={The costs of providing access to electricity in selected countries in Sub-Saharan Africa and policy implications},
  author={Valickova, Petra and Elms, Nicholas},
  journal={Energy Policy},
  volume={148},
  pages={111935},
  year={2021},
  publisher={Elsevier}
}


@article{falk2021socio,
  title={Socio-economic impacts and challenges associated with the electrification of a remote area in rural Tanzania through a mini-grid system},
  author={Falk, Joern and Angelmahr, Martin and Schade, Wolfgang and Schenk-Mathes, Heike},
  journal={Energy, Ecology and Environment},
  volume={6},
  number={6},
  pages={513--530},
  year={2021},
  publisher={Springer}
}


@article{mazzeo2021literature,
  title={A literature review and statistical analysis of photovoltaic-wind hybrid renewable system research by considering the most relevant 550 articles: An upgradable matrix literature database},
  author={Mazzeo, Domenico and Matera, Nicoletta and De Luca, Pierangelo and Baglivo, Cristina and Congedo, Paolo Maria and Oliveti, Giuseppe},
  journal={Journal of Cleaner Production},
  volume={295},
  pages={126070},
  year={2021},
  publisher={Elsevier}
}


@article{korkovelos2020retrospective,
  title={A retrospective analysis of energy access with a focus on the role of mini-grids},
  author={Korkovelos, Alexandros and Zerriffi, Hisham and Howells, Mark and Bazilian, Morgan and Rogner, H-Holger and Fuso Nerini, Francesco},
  journal={Sustainability},
  volume={12},
  number={5},
  pages={1793},
  year={2020},
  publisher={MDPI}
}


@article{poblete2021model,
  title={A model of energy poverty and access: Estimating household electricity demand and appliance ownership},
  author={Poblete-Cazenave, Miguel and Pachauri, Shonali},
  journal={Energy Economics},
  volume={98},
  pages={105266},
  year={2021},
  publisher={Elsevier}
}


@article{antonanzas2021state,
  title={State-of-the-Art of mini Grids for rural Electrification in West Africa},
  author={Antonanzas-Torres, Fernando and Antonanzas, Javier and Blanco-Fernandez, Julio},
  journal={Energies},
  volume={14},
  number={4},
  pages={990},
  year={2021},
  publisher={MDPI}
}


@article{shabalov2021influence,
  title={The influence of technological changes in energy efficiency on the infrastructure deterioration in the energy sector},
  author={Shabalov, M Yu and Zhukovskiy, Yu L and Buldysko, AD and Gil, B and Starshaia, VV},
  journal={Energy Reports},
  volume={7},
  pages={2664--2680},
  year={2021},
  publisher={Elsevier}
}


@article{pueyo2018impact,
  title={The impact of solar mini-grids on Kenya's rural enterprises},
  author={Pueyo, Ana and DeMartino, Samantha},
  journal={Energy for Sustainable Development},
  volume={45},
  pages={28--37},
  year={2018},
  publisher={Elsevier}
}


@inproceedings{eales2018social,
  title={Social impacts of mini-grids: Towards an evaluation methodology},
  author={Eales, Aran and Walley, Luke and Buckland, Hannah and Frame, Damien and Strachan, Scott},
  booktitle={2018 IEEE PES/IAS PowerAfrica},
  pages={354--359},
  year={2018},
  organization={IEEE}
}


@article{cartland2022socio,
  title={Socio-economic analysis of solar photovoltaic-based mini-grids in rural communities: A Ugandan case study},
  author={Cartland, Richard and Sendegeya, AI-Mas and Hakizimana Khan, Jean de Dieu},
  journal={Journal of Energy in Southern Africa},
  volume={33},
  number={3},
  pages={36--50},
  year={2022},
  publisher={University of Cape Town}
}


@article{liu2021enabling,
  title={Enabling development impact of solar mini-grids through the community engagement: Evidence from rural Sierra Leone},
  author={Liu, Yang and Bah, Zainab},
  journal={Energy Policy},
  volume={154},
  pages={112294},
  year={2021},
  publisher={Elsevier}
}


@article{duran2021analysis,
  title={An analysis of renewable mini-grid projects for rural electrification},
  author={Duran, Asligul Serasu and Sahinyazan, Feyza G},
  journal={Socio-Economic Planning Sciences},
  volume={77},
  pages={100999},
  year={2021},
  publisher={Elsevier}
}
@article{nyarko2023drivers,
  title={Drivers and challenges of off-grid renewable energy-based projects in West Africa: A review},
  author={Nyarko, Kofi and Whale, Jonathan and Urmee, Tania},
  journal={Heliyon},
  year={2023},
  publisher={Elsevier}
}
@article{sundjaja2023test,
  title={McNemar And Mann-Whitney U Tests},
  author={Joshua Henrina Sundjaja, Rijen Shrestha, Kewal Krishan},
  journal={},
  year={2023},
  publisher={StatPearls Publishing}

}



@misc{Consultant_Klooss_Consultant_2021,
  title={Making energy transition possible: How technology can help}, 
  url={https://www.opml.co.uk/blog/making-energy-transition-possible-how-technology-can-help},
  journal={Oxford Policy Management}, 
  author={Consultant, Benjamin KloossSenior and Klooss, Benjamin and Consultant, Senior}, 
  year={2021}, 
  month={Oct}} 



@article{deshmukh2009role,
  title={The role of decentralized renewable energy for rural electrification},
  author={Deshmukh, Anand},
  journal={Maharashtra case study, India Assessed from http://lup. lub. lu. se/luur/download},
  year={2009}
}

@article{edwards2018role,
  title={The role of decentralized renewable energy in peacebuilding},
  author={Edwards, Isobel},
  journal={Quaker United Nations Office (QUNO), Geneva},
  year={2018}
}


@article{babalola2022socio,
  title={Socio-economic impacts of energy access through off-grid systems in rural communities: a case study of southwest Nigeria},
  author={Babalola, Samuel O and Daramola, Michael O and Iwarere, Samuel A},
  journal={Philosophical Transactions of the Royal Society A},
  volume={380},
  number={2221},
  pages={20210140},
  year={2022},
  publisher={The Royal Society}
}

@article{wassie2021socio,
  title={Socio-economic and environmental impacts of rural electrification with Solar Photovoltaic systems: Evidence from southern Ethiopia},
  author={Wassie, Yibeltal T and Adaramola, Muyiwa S},
  journal={Energy for Sustainable Development},
  volume={60},
  pages={52--66},
  year={2021},
  publisher={Elsevier}
}

@phdthesis{uwineza2021analysis,
  title={Analysis of socio-economic impact of mini-Grids for rural area development in Rwanda. Case of Mukungu mini-hydropower plant},
  author={UWINEZA, Marie Paule},
  year={2021},
  school={University of Rwanda (College of science and Technology)}
}

@article{lee2020experimental,
  title={Experimental evidence on the economics of rural electrification},
  author={Lee, Kenneth and Miguel, Edward and Wolfram, Catherine},
  journal={Journal of Political Economy},
  volume={128},
  number={4},
  pages={1523--1565},
  year={2020},
  publisher={The University of Chicago Press Chicago, IL}
}

@article{chakravorty2016lighting,
  title={Lighting up the last mile: The benefits and costs of extending electricity to the rural poor},
  author={Chakravorty, Ujjayant and Emerick, Kyle and Ravago, Majah-Leah},
  journal={Resources for the Future Discussion Paper},
  pages={16--22},
  year={2016}
}

@techreport{Tracking_SDG7_Report_2019,
  institution = "World Bank",
  title       = "Tracking {SDG}7: The Energy Progress Report 2019",
  year        = "2019",
  type        = "Report",
  address     = "Washington, D.C.",
  month       = "May"
}

@techreport{wb-nigeria-1,
  institution = "World Bank",
  title       = "Nigeria Development Update - Turning the Corner: From Reforms and Renewed Hope, to Results",
  year        = "2023",
  type        = "Report",
  number      = "186416",
  address     = "Washington, D.C.",
  month       = "December"
}
@techreport{wb-nigeria-2,
  institution = "World Bank",
  title       = "Macro Poverty Outlook for Nigeria : April 2023 - Datasheet",
  year        = "2023",
  type        = "Brief",
  number      = "181380",
  address     = "Washington, D.C.",
  month       = "April"
}